@inproceedings{kandpal2023longtail,
  title={Large language models struggle to learn long-tail knowledge},
  author={Kandpal, Nimit and Ott, Myle and Li, Xuezhi and Lewis, Mike and Zettlemoyer, Luke and Yogatama, Dani},
  booktitle={International Conference on Machine Learning},
  year={2023}
}

@article{gao2024rag,
  title={Retrieval-Augmented Generation for Large Language Models: A Survey},
  author={Gao, Yuan and Zhang, Zihan and Liu, Xiaodong and Wei, Furu and Gao, Jianfeng},
  journal={arXiv preprint arXiv:2312.10997},
  year={2024}
}

@inproceedings{bajaj2016msmarco,
  title={MS MARCO: A Human Generated MAchine Reading COmprehension Dataset},
  author={Bajaj, Payal and Campos, Daniel and Craswell, Nick and Deng, Lu and Gao, Jianfeng and Liu, Xiaodong and McNamara, Aoife and Mitra, Bhaskar and Nguyen, Tri and Qian, Xuanhui and others},
  booktitle={arXiv preprint arXiv:1611.09268},
  year={2016}
}

@article{lo2020cord19,
  title={CORD-19: The COVID-19 Open Research Dataset},
  author={Lo, Kyle and Wang, Lucy Lu and Neumann, Mark and Kinney, Rodney and Weld, Daniel S},
  journal={arXiv preprint arXiv:2004.10706},
  year={2020}
}

@inproceedings{lewis2020rag,
  title={Retrieval-Augmented Generation for Knowledge-Intensive NLP Tasks},
  author={Lewis, Patrick and Perez, Ethan and Piktus, Aleksandra and Petroni, Fabio and Karpukhin, Vladimir and Goyal, Naman and KÃ¼ttler, Heinrich and Lewis, Mike and Yih, Wen-tau and Rockt{\"a}schel, Tim and others},
  booktitle={Advances in Neural Information Processing Systems},
  year={2020}
}
@inproceedings{chen2024benchmarking,
  title     = {Benchmarking Large Language Models in Retrieval-Augmented Generation},
  author    = {Jiawei Chen and Hongyu Lin and Xianpei Han and Le Sun},
  booktitle = {Proceedings of the Thirty-Eighth AAAI Conference on Artificial Intelligence (AAAI-24)},
  year      = {2024},
  address   = {Beijing, China},
  institution = {Chinese Academy of Sciences},
  note      = {\{jiawei2020, hongyu, xianpei, sunle\}@iscas.ac.cn}
}

@INPROCEEDINGS{Chatbots_in_Academia,
  author={Maryamah, Maryamah and Irfani, Muhammad Maula and Tri Raharjo, Edric Boby and Rahmi, Netri Alia and Ghani, Mohammad and Raharjana, Indra Kharisma},
  booktitle={2024 16th International Conference on Knowledge and Smart Technology (KST)}, 
  title={Chatbots in Academia: A Retrieval-Augmented Generation Approach for Improved Efficient Information Access}, 
  year={2024},
  volume={},
  number={},
  pages={259-264},
  keywords={Analytical models;Databases;Virtual assistants;Search methods;Natural languages;Oral communication;Chatbots;Academic Chatbots;Retrieval-Augmented Generation;Large Language Models;Technology},
  doi={10.1109/KST61284.2024.10499652}}

@article{afzal2024towards,
  title={Towards Optimizing a Retrieval Augmented Generation using Large Language Model on Academic Data},
  author={Afzal, Anum and Vladika, Juraj and Fazlija, Gentrit and Staradubets, Andrei and Matthes, Florian},
  journal={arXiv preprint arXiv:2411.08438},
  year={2024}
}

@article{yasin2024retrieval,
  title={A Retrieval-Augmented Generation Framework for Academic Literature Navigation in Data Science},
  author={Yasin Aytar, Ahmet and Kilic, Kemal and Kaya, Kamer},
  journal={arXiv e-prints},
  pages={arXiv--2412},
  year={2024}
}